%% This BibTeX bibliography file was created using BibDesk.
%% http://bibdesk.sourceforge.net/


%% Created for Simon Zou at 2014-06-30 14:08:26 -0700 


%% Saved with string encoding Unicode (UTF-8) 



@inproceedings{joshi2009experimental,
	Annote = {
		Insert Annotation here
	},
	Author = {Joshi, Abhijeet and Ashley, Trevor and Huang, Yuan R and Bertozzi, Andrea L},
	Booktitle = {American Control Conference, 2009. ACC'09.},
	Date-Added = {2014-06-30 21:08:20 +0000},
	Date-Modified = {2014-06-30 21:08:20 +0000},
	Organization = {IEEE},
	Pages = {2630--2635},
	Title = {Experimental validation of cooperative environmental boundary tracking with on-board sensors},
	Year = {2009}}

@inproceedings{leung2007second,
	Annote = {
		Insert Annotation here
	},
	Author = {Leung, Kevin K and Hsieh, Chung H and Huang, Yuan R and Joshi, Abhijeet and Voroninski, Vlad and Bertozzi, Andrea L},
	Booktitle = {American Control Conference, 2007. ACC'07},
	Date-Added = {2014-06-30 21:04:44 +0000},
	Date-Modified = {2014-06-30 21:04:44 +0000},
	Organization = {IEEE},
	Pages = {1900--1907},
	Title = {A second generation micro-vehicle testbed for cooperative control and sensing strategies},
	Year = {2007}}

@inproceedings{gonzalez2011third,
	Annote = {
		Insert Annotation here
	},
	Author = {Gonzalez, Maximillian and Huang, Xinheng and Martinez, David S Hermina and Hsieh, Chung H and Huang, Yuan R and Irvine, Benjamin and Short, Martin B and Bertozzi, Andrea L},
	Booktitle = {ICINCO (2)},
	Date-Added = {2014-06-30 21:03:32 +0000},
	Date-Modified = {2014-06-30 21:03:32 +0000},
	Pages = {14--20},
	Title = {A Third Generation Micro-vehicle Testbed for Cooperative Control and Sensing Strategies.},
	Year = {2011}}

@article{beck2009fast,
	Annote = {
		Insert Annotation here
	},
	Author = {Beck, Amir and Teboulle, Marc},
	Date-Added = {2014-06-30 17:50:31 +0000},
	Date-Modified = {2014-06-30 17:50:31 +0000},
	Journal = {SIAM Journal on Imaging Sciences},
	Number = {1},
	Pages = {183--202},
	Publisher = {SIAM},
	Title = {A fast iterative shrinkage-thresholding algorithm for linear inverse problems},
	Volume = {2},
	Year = {2009}}

@article{candes2008introduction,
	Annote = {
		Insert Annotation here
	},
	Author = {Cand{\`e}s, Emmanuel J and Wakin, Michael B},
	Date-Added = {2014-06-30 18:03:10 +0000},
	Date-Modified = {2014-06-30 18:03:10 +0000},
	Journal = {Signal Processing Magazine, IEEE},
	Number = {2},
	Pages = {21--30},
	Publisher = {IEEE},
	Title = {An introduction to compressive sampling},
	Volume = {25},
	Year = {2008}}

@techreport{chartrand2006surprising,
	Annote = {
		Insert Annotation here
	},
	Author = {Rick Chartrand},
	Date-Added = {2014-06-30 19:53:39 +0000},
	Date-Modified = {2014-06-30 20:01:26 +0000},
	Institution = {Los Alamos National Laboratory},
	Title = {Exact reconstructions from surprisingly little data},
	Year = {2006}}

@inproceedings{chartrand2008nonconvex,
	Annote = {
		Insert Annotation here
	},
	Author = {Chartrand, Rick},
	Booktitle = {Image Processing, 2008. ICIP 2008. 15th IEEE International Conference on},
	Date-Added = {2014-06-30 18:04:58 +0000},
	Date-Modified = {2014-06-30 18:04:58 +0000},
	Organization = {IEEE},
	Pages = {2624--2627},
	Title = {Nonconvex compressive sensing and reconstruction of gradient-sparse images: random vs. tomographic Fourier sampling},
	Year = {2008}}

@article{goldstein2009split,
	Annote = {
		Insert Annotation here
	},
	Author = {Goldstein, Tom and Osher, Stanley},
	Date-Added = {2014-06-30 18:05:27 +0000},
	Date-Modified = {2014-06-30 20:19:34 +0000},
	Journal = {SIAM Journal on Imaging Sciences},
	Number = {2},
	Pages = {323--343},
	Publisher = {SIAM},
	Title = {The split Bregman method for L1-regularized problems},
	Volume = {2},
	Year = {2009}}

@manual{anterosmanual,
	Annote = {
		Insert Annotation here
	},
	Date-Added = {2014-06-30 20:53:25 +0000},
	Date-Modified = {2014-06-30 20:56:26 +0000},
	Organization = {Anteros Labs},
	Title = {ALMC UBC Development Environment Setup Guide}}
